@misc{esp32,
  author    = {{Ing. Václav Šimek}},
  title     = {ESP32},
  howpublished = {\url{https://www.fit.vutbr.cz/~simekv/IMP_projekt_board_ESP32_Wemos_D1_R32.pdf}},
}

@misc{snimac,
  author    = {{HW Kitchen}},
  title     = {Snímač pro tep srdce},
  howpublished = {\url{https://www.hwkitchen.cz/snimac-pro-tep-srdce/}},
}

@misc{pulsesensortutorial,
  author    = {{Neznámý}},
  title     = {Monitor the Heart Rate using Pulse Sensor and Arduino},
  howpublished = {\url{https://lastminuteengineers.com/pulse-sensor-arduino-tutorial/}},
}

@misc{displej,
  author    = {{Hadex}},
  title     = {Displej OLED 0,96", 128x64 znaků, IIC/I2C, 4piny, bílý},
  howpublished = {\url{https://www.hadex.cz/m508b-displej-oled-096-128x64-znaku-iici2c-4piny-bily/}},
}

@misc{sensorusingarduino,
  author    = {{technolabcreation}},
  title     = {Heartbeat Sensor using Arduino (Heart Rate Monitor)},
  howpublished = {\url{https://www.technolabcreation.com/heartbeat-sensor-using-arduino-heart-rate-monitor/}},
}